<record><leader>00000cas a22000007a 4500</leader><controlfield tag="001">13352641</controlfield><controlfield tag="008">860327d19441960nyuwr ne      0    0eng d</controlfield><datafield ind1=" " ind2=" " tag="010"><subfield code="a">sn 86034921 </subfield></datafield><datafield ind1=" " ind2=" " tag="040"><subfield code="a">NYG</subfield><subfield code="b">eng</subfield><subfield code="c">NYG</subfield><subfield code="d">NYS</subfield><subfield code="d">NYG</subfield><subfield code="d">CNW</subfield><subfield code="d">OCLCQ</subfield></datafield><datafield ind1=" " ind2=" " tag="042"><subfield code="a">msc</subfield></datafield><datafield ind1="0" ind2=" " tag="130"><subfield code="a">News-Republican (Millerton, N.Y. : Connecticut ed.)</subfield></datafield><datafield ind1="1" ind2="4" tag="245"><subfield code="a">The News-Republican.</subfield></datafield><datafield ind1=" " ind2=" " tag="250"><subfield code="a">Connecticut ed.</subfield></datafield><datafield ind1=" " ind2=" " tag="260"><subfield code="a">Millerton, N.Y. :</subfield><subfield code="b">News-Republican,</subfield><subfield code="c">1944-1960.</subfield></datafield><datafield ind1=" " ind2=" " tag="300"><subfield code="a">13 v. :</subfield><subfield code="b">ill.</subfield></datafield><datafield ind1=" " ind2=" " tag="310"><subfield code="a">Weekly</subfield></datafield><datafield ind1="0" ind2=" " tag="362"><subfield code="a">Vol. 15, no. 10 (Sept. 7, 1944)-v. 27, no. 37 (May 26, 1960).</subfield></datafield><datafield ind1=" " ind2=" " tag="500"><subfield code="a">Published in Sharon, Conn., June 5, 1947, and: in Millerton, N.Y. and Sharon, Conn., June 12, 1947-May 6, 1954.</subfield></datafield><datafield ind1=" " ind2=" " tag="500"><subfield code="a">"An independent Republican newspaper."</subfield></datafield><datafield ind1=" " ind2=" " tag="515"><subfield code="a">Contains numbering peculiarities.</subfield></datafield><datafield ind1=" " ind2="4" tag="651"><subfield code="a">Sharon (Conn.)</subfield><subfield code="v">Newspapers.</subfield></datafield><datafield ind1=" " ind2="4" tag="651"><subfield code="a">Salisbury (Conn.)</subfield><subfield code="v">Newspapers.</subfield></datafield><datafield ind1=" " ind2="4" tag="651"><subfield code="a">Canaan (Conn.)</subfield><subfield code="v">Newspapers.</subfield></datafield><datafield ind1=" " ind2="4" tag="651"><subfield code="a">Millerton (N.Y.)</subfield><subfield code="v">Newspapers.</subfield></datafield><datafield ind1=" " ind2=" " tag="752"><subfield code="a">United States</subfield><subfield code="b">New York</subfield><subfield code="c">Dutchess</subfield><subfield code="d">Millerton.</subfield></datafield><datafield ind1="0" ind2=" " tag="775"><subfield code="t">News-Republican (Millerton, N.Y. : New York ed.)</subfield><subfield code="w">(DLC)sn 86034958</subfield><subfield code="w">(OCoLC)13352140</subfield></datafield><datafield ind1="0" ind2="0" tag="780"><subfield code="t">News (Millerton, N.Y. : Connecticut ed.)</subfield><subfield code="w">(DLC)sn 86034920</subfield><subfield code="w">(OCoLC)13352556</subfield></datafield><datafield ind1="1" ind2=" " tag="029"><subfield code="a">AU@</subfield><subfield code="b">000025806330</subfield></datafield></record>